@misc{kovar2003,
    author  = "Lucas Kovar and Michael Gleicher",
    title   = "{Flexible Automatic Motion Blending with Registration Curves}",
    year    = "2003",
}

@misc{vanbasten2009,
    author  = "van Basten, B.J.H.  and Egges, A.",
    title   = "Evaluating distance metrics for animation blending",
    year    = "2009",
}

@misc{kovar2012,
    author  = "Lucas Kovar and Michael Gleicher and Frédéric Pighin",
    title   = "{Motion Graphs}",
    year    = "2012",
}